<?xml version="1.0" encoding="UTF-8"?><collection xmlns="http://www.loc.gov/MARC21/slim"><record><leader>00374nam--2200133-i-4500</leader><controlfield tag="001">000001533</controlfield><controlfield tag="002">20161230</controlfield><controlfield tag="005">20161230201024</controlfield><controlfield tag="008">060222s1000------------r-----000-0-eng-d</controlfield><datafield ind1=" " ind2=" " tag="100"><subfield code="a">Maaradudin, A., Wallis, R.F</subfield></datafield><datafield ind1=" " ind2=" " tag="260"><subfield code="a">Handbook On Surfaces And Interfaces</subfield></datafield><datafield ind1=" " ind2=" " tag="490"><subfield code="a">New York, Garland Stpm Press, 1978. X + 415 P</subfield></datafield><datafield ind1=" " ind2=" " tag="700"><subfield code="a">Dobrzynski, Leonard</subfield></datafield><datafield ind1=" " ind2=" " tag="852"><subfield code="a">538.971(035.5)</subfield></datafield></record></collection>